@book{nielson1999principles,
  title={Principles of program analysis},
  author={Nielson, Flemming and Nielson, Hanne R and Hankin, Chris},
  year={1999},
  publisher={Springer}
}

@other{csuunl,
      author = "dr. J. Hage",
      title = "Master Course Automatic Program Analysis",
      month = "April",
      year = "2013",
      url = "http://www.cs.uu.nl/wiki/Apa/DataflowAndAbstractInterpretation"
}

@other{antlr,
	author = "Terence Parr",
	title = "ANTLR 4 Documentation",
	month = "June",
	year = "2014",
	url = "https://theantlrguy.atlassian.net/wiki/display/ANTLR4/ANTLR+4+Documentation"
}

@other{ar,
	author = "Rogier Slag",
	title = "AvailableExpressions.java",
	month = "November",
	year = "2014",
	url = "https://github.com/rogierslag/MetaProgramming/blob/master/src/framework/AvailableExpressions.java"
}

@other{studyguide,
	author = "TUDelft",
	title = "IN4313 - Seminar Metaprogramming",
	month = "August",
	year = "2014",
	url = "http://www.studiegids.tudelft.nl/a101\_displayCourse.do?course\_id=31677"
}